%% This BibTeX bibliography file was created using BibDesk.
%% http://bibdesk.sourceforge.net/


%% Created for Neil Taylor at 2014-04-07 22:34:31 +0100 


%% Saved with string encoding Unicode (UTF-8) 
	
@MISC{mono,
	title = {{G}etting {S}tarted {|} {M}ono , [online] {F}eb 2015},
	author = {{M}ono},
	howpublished = {{A}valiable: http://www.mono-project.com/docs/getting-started/},
	note = {Accessed: 13 {F}eb 2015},
	annote = {Mono provide an open source implementation of the Microsoft .NET framework enabling the development of {C Sharp} across multiple platforms and environments.
           The Framework is based on {ECMA} standards for {C Sharp} so there is some reliability when developing {C Sharp} in different environments. However, based on research the
           implementation of certain features, specifically the newer features in the latest releases of the .NET framework do not always behave as expected.
           This causes development problems which can easily be avoided for this project.}
}

@BOOK {gof:design:mvc,
    author    = {{E. Gamma, R. Helm, R. Johnson, and J. Vlissides}},
    title     = {{Design Patterns: Elements of Reusable Object-Oriented Software}},
    publisher = {{Addison-Wesley Professional}},
    year      = {1994},
    edition   = {1st},
    month     = {Nov},
    note      = {pp. 4-6,  {[Online]. Available: http://www.worldcat.org/isbn/020163361}},
    annote    = {This book is a very good reference point for design patterns in general, providing concise descriptions, examples and use cases. The book examples are
                implemented using C++, as this will be a Java based project the main concepts are still relevant as the languages aren't too diss-similar.}

}


@BOOK {gof:design:singleton,
    author    = {{E. Gamma, R. Helm, R. Johnson, and J. Vlissides}},
    title     = {{Design Patterns: Elements of Reusable Object-Oriented Software}},
    publisher = {{Addison-Wesley Professional}},
    year      = {1994},
    edition   = {1st},
    month     = {Nov},
    note      = {pp. 127-128,  {[Online]. Available: http://www.worldcat.org/isbn/020163361}},
    annote    = {This book is a very good reference point for design patterns in general, providing concise descriptions, examples and use cases. The book examples are
                implemented using C++, as this will be a Java based project the main concepts are still relevant as the languages aren't too diss-similar.}

}

@MISC{pheromone:image,
	title = {{A}nt {C}olony {O}ptimisation {P}heromone {F}unction , [online] {F}eb 2015},
	author = {{W}ikipedia},
	howpublished = {{A}valiable: http://upload.wikimedia.org/math/e/1/3/e1320f5f72b21e5766dfa7e29b536883.png},
	note = {Accessed: 14 {F}eb 2015},
	annote = {Simple graphic representing the algebra representation of the pheromone function required to update the pheromone matrix.}
}

@MISC{probfunc:image,
	title = {{A}nt {C}olony {O}ptimisation {N}ew {P}robability {F}unction , [online] {F}eb 2015},
	author = {{W}ikipedia},
	howpublished = {{A}valiable: http://upload.wikimedia.org/math/6/d/b/6db065218c956a4a7af6da99aaeca5d1.png},
	note = {Accessed: 14 {F}eb 2015},
	annote = {Simple graphic representing the algebra representation of the pheromone function required to select the Agents next movements.}
}

@MISC{tjung:aco:blog,
	title = {{A}nt {C}olony {O}ptimization for {TSP} {P}roblems , [online] {F}eb 2015},
	author = {{T}homas {J}ungblut},
	month = {Aug},
	year = {2011},
	howpublished = {{A}valiable: http://codingwiththomas.blogspot.co.uk/2011/08/ant-colony-optimization-for-tsp.html},
	note = {Accessed: 14 {F}eb 2015},
	annote = {Simplistic explanations of each function required. Break down of equations is also included in order to make them more digestible.}
}

@MastersThesis{sjored:Thesus2012,
    author     =     {V. E. Sjoerd},
    title     =     {{"Dynamic ant colony optimization for the travelling salesman problem}},
    school     =     {Leiden University, The Netherlands},
    address     =     {Leiden Institute of Advanced Computer Science (LIACS), Leiden University, Niels Bohrweg 1, 2333 CA Leiden, The Netherlands},
    month = {Jul},
	year     =     {2012},
	note = {{pp.7 [Online]. Available: http://www.liacs.nl/assets/2012-08SjoerdvanEgmond.pdf}},
	annote = {{A Masters thesis looking into a hybrid Ant and Bee Colony algorithm for dynamic TSP problems. The thesis has some good concepts and background into the algorithm, however a lot of the information is highly theoretical.}}
    }

@MISC{new:pheromone:image,
	title = {{A}nt {C}olony {O}ptimisation {N}ew {P}heromone {F}unction , [online] {F}eb 2015},
	author = {{W}ikipedia},
	howpublished = {{A}valiable: http://upload.wikimedia.org/math/6/d/b/6db065218c956a4a7af6da99aaeca5d1.png},
	note = {Accessed: 14 {F}eb 2015},
	annote = {Simple graphic representing the algebra representation of the pheromone function required to update the pheromone matrix.}
}

@BOOK {marcdorgio:book:doublebridges,
    author    = {{M. Dorigo and T. St \"{u}tzle}},
    title     = {{Ant Colony Optimization }},
    publisher = {{Bradford Books}},
    year      = {2004},
    edition   = {1st},
    month     = {Jun.},
    note      = {pp.2-3{[Online]. Available: http://www.worldcat.org/isbn/0262042193}},
    annote    = {Publication by the creators of the Ant Colony family of methods. This publication contains the majority of information relevant to understanding the interactions and mappings of the real ants against the virtual agents and algorithm interactions. Pages 2-3 contain information about the Double Bridges experiment.}

}

@BOOK {marcdorgio:book:nopage,
    author    = {{M. Dorigo and T. St \"{u}tzle}},
    title     = {{Ant Colony Optimization }},
    publisher = {{Bradford Books}},
    year      = {2004},
    edition   = {1st},
    month     = {Jun.},
    note      = {pp.2-3{[Online]. Available: http://www.worldcat.org/isbn/0262042193}},
    annote    = {Publication by the creators of the Ant Colony family of methods. This publication contains the majority of information relevant to understanding the interactions and mappings of the real ants against the virtual agents and algorithm interactions.}
}

@BOOK {marcdorgio:book:EAS,
    author    = {{M. Dorigo and T. St \"{u}tzle}},
    title     = {{Ant Colony Optimization }},
    publisher = {{Bradford Books}},
    year      = {2004},
    edition   = {1st},
    month     = {Jun.},
    note      = {pp.73{[Online]. Available: http://www.worldcat.org/isbn/0262042193}},
    annote    = {Publication by the creators of the Ant Colony family of methods. This publication contains the majority of information relevant to understanding the interactions and mappings of the real ants against the virtual agents and algorithm interactions. Page 73 contains information about the Elitist Ant System ants its formula.}
}

@phdthesis{Dor1992:thesis,
  author = {Marco Dorigo},
  title = {Optimization, Learning and Natural Algorithms (in {I}talian)},
  school = {Dipartimento di Elettronica, Politecnico di Milano},
  year = {1992},
  address = {Milan, Italy},
  annote = {Marco Dorigo PhD thesis containing information about Ant Colony methods. Marco first came up with this concept however this thesis is extremely detailed and too complicated for this project and is used merely as a reference point should a reader want further information.}
}

@MISC{SI:def,
	title = {{Swarm intelligence}},
	author = {{Marco Dorigo}},
	howpublished = {{A}valiable:http://www.scholarpedia.org/article/Swarm\_intelligence},
	note = {Accessed: 7th {A}prl 2015},
	annote = {Online swarm intelligence definition which is somewhat more detailed than usual however, this definition is provided by the Ant Colony Optimisation creator thus it seems very fitting}
}

@MISC{doublebridges:image,
	title = {{Double Bridge Experiment Image}},
	author = {{vnschool.net}},
	howpublished = {{A}valiable: http://www.vnschool.net/images/082010/Thuattoan/ThuatT\_2.jpg},
	note = {Accessed: 7th {A}ril 2015},
	annote = {Simple graphic representing the Double Bridge Experiment.}
}

@MISC{berlin52:source,
	title = {{Berlin52 source file}},
	author = {{neos}},
	howpublished = {{A}valiable:http://neos.mcs.anl.gov/neos/solvers/co:concorde/Berlin52\_TSP.txt},
	note = {Accessed: 7th {A}ril 2015},
	annote = {Contents of the Berlin52.tsp problem representation.}
}

@MISC{99designs:laws,
	title = {{Unbreakable laws of user interaction}},
	author = {{99designs.com}},
	howpublished = {{A}valiable: http://99designs.com/designer-blog/2014/01/15/7-unbreakable-laws-of-user-interface-design/},
	note = {Accessed: 7th {A}ril 2015},
	annote = {A list of laws and explanations of such laws regarding important user interaction styles and principles}
}

@MISC{berlin52:image,
	title = {{Berlin52.tsp solution image}},
	author = {{cleveralgorithms.com}},
	howpublished = {{A}valiable: http://www.cleveralgorithms.com/images/tsp2.png},
	note = {Accessed: 7th {A}ril 2015},
	annote = {An image mapping one solution to the Berlin52.tsp problem.}
}

@MastersThesis{sjored:Thesus2012:evalue,
    author     =     {V. E. Sjoerd},
    title     =     {{"Dynamic ant colony optimization for the travelling salesman problem}},
    school     =     {Leiden University, The Netherlands},
    address     =     {Leiden Institute of Advanced Computer Science (LIACS), Leiden University, Niels Bohrweg 1, 2333 CA Leiden, The Netherlands},
    month = {Jul},
	year     =     {2012},
	note = {{pp.11 [Online]. Available: http://www.liacs.nl/assets/2012-08SjoerdvanEgmond.pdf}},
	annote = {A Masters thesis looking into a hybrid Ant and Bee Colony algorithm for dynamic TSP problems. The thesis has some good concepts and background into the algorithm, however a lot of the information is highly theoretical.}
    }

@MISC{XP:forone,
	title = {{eXtreme Programming for one}},
	author = {{c2.com}},
	howpublished = {{A}valiable: http://c2.com/cgi/wiki?ExtremeProgrammingForOne},
	note = {Accessed: 9th {A}ril 2015},
	annote = {An informal insight into eXtreme Programming and how it can be applied to solo development projects.}
}

@MISC{atom:textEditor,
	title = {{Atom}},
	author = {{GitHub}},
	howpublished = {{A}valiable: https://atom.io/},
	note = {Accessed: 13th {A}ril 2015},
	annote = {A free, Open source text editor provided by GitHub.}
}

@MISC{waterfall:image,
	title = {{Waterfall model}},
	author = {{technologyuk.net}},
	howpublished = {{A}valiable: http://www.technologyuk.net/computing/sad/waterfall\_model.shtml},
	note = {Accessed: 9th {A}ril 2015},
	annote = {An image depicting the structure of the waterfall life cycle.}
}

@MISC{maven:site,
	title = {{Maven}},
	author = {{Apache}},
	howpublished = {{A}valiable: https://maven.apache.org/what-is-maven.html},
	note = {Accessed: 11th {A}ril 2015},
	annote = {An overview of how the maven framework can be used and an analysis of the features provided.}
}

@MISC{eclipse:IDE,
	title = {{Eclipse IDE for Java Developers}},
	author = {{eclipse}},
	howpublished = {{A}valiable: https://eclipse.org/downloads/packages/eclipse-ide-java-developers/lunasr1a},
	note = {Accessed: 13th {A}ril 2015},
	annote = {A free IDE for Java development. This is the IDE selected for this projects development and provided built in support for all the necessary tools.}
}
	
@MastersThesis{tblanch:diss,
    author     =     {T. Blachard},
    title     =     {{"Development of an Autonomous, Tethered and Submersible Data Buoy}},
    school     =     {Aberystwyth University, Wales},
    address     =     {Computer Science Department, Penglais Campus, Aberystwyth University, Aberystwyth, Ceredigion, SY23 3DB.},
    month = {May},
	year     =     {2011},
	note = {{pp.15-16 [Online]. Available: http://users.aber.ac.uk/ttb7/files/ttb7\_diss.pdf}},
	annote = {Tom Blanchard's dissertation, referenced pages contain relevant information and rationale about a suitable process which suited my development needs. Permission from Tom has been granted to adapt his rationale}
    }	
	
@MISC{interpolation:site,
	title = {{Interpolation Methods}},
	author = {{Paul Bourke}},
	howpublished = {{A}valiable: http://paulbourke.net/miscellaneous/interpolation/},
	note = {Accessed: 30th {M}arch 2015},
	annote = {An overview and explanation of several methods of interpolation. The method of interest here is Linear Interpolation which is used in the representation of the Ants movement between cities.}
}

@MISC{SRP:site,
	title = {{Single Responsibility Principle}},
	author = {{Robert Martin}},
	howpublished = {{A}valiable: http://blog.8thlight.com/uncle-bob/2014/05/08/SingleReponsibilityPrinciple.html},
	note = {Accessed: 15th {A}ril 2015},
	annote = {An overview of the Single Responsibility Principle. This includes the underlying concepts and why it makes is logical to adhere to such concepts.}
}
