@MISC{mono,
	title = {{G}etting {S}tarted {|} {M}ono , [online] {F}eb 2015},
	author = {{M}ono},
	howpublished = {{A}valiable: http://www.mono-project.com/docs/getting-started/},
	note = {Accessed: 13 {F}eb 2015},
	annote = {Mono provide an open source implementation of the Microsoft .NET framework enabling the development of {C Sharp} across multiple platforms and environments.
           The Framework is based on {ECMA} standards for {C Sharp} so there is some reliability when developing {C Sharp} in different environments. However, based on research the
           implementation of certain features, specifically the newer features in the latest releases of the .NET framework do not always behave as expected.
           This causes development problems which can easily be avoided for this project.}
}

@BOOK {gof:design:mvc,
    author    = {{E. Gamma, R. Helm, R. Johnson, and J. Vlissides}},
    title     = {{Design Patterns: Elements of Reusable Object-Oriented Software}},
    publisher = {{Addison-Wesley Professional}},
    year      = {1994},
    edition   = {1st},
    month     = {Nov},
    note      = {pp. 4-6,  {[Online]. Available: http://www.worldcat.org/isbn/020163361}},
    annote    = {This book is a very good reference point for design patterns in general, providing concise descriptions, examples and use cases. The book examples are
                implemented using C++, as this will be a Java based project the main concepts are still relevant as the languages aren't too diss-similar.}

}


@BOOK {gof:design:singleton,
    author    = {{E. Gamma, R. Helm, R. Johnson, and J. Vlissides}},
    title     = {{Design Patterns: Elements of Reusable Object-Oriented Software}},
    publisher = {{Addison-Wesley Professional}},
    year      = {1994},
    edition   = {1st},
    month     = {Nov},
    note      = {pp. 127-128,  {[Online]. Available: http://www.worldcat.org/isbn/020163361}},
    annote    = {This book is a very good reference point for design patterns in general, providing concise descriptions, examples and use cases. The book examples are
                implemented using C++, as this will be a Java based project the main concepts are still relevant as the languages aren't too diss-similar.}

}

@MISC{pheromone:image,
	title = {{A}nt {C}olony {O}ptimisation {P}heromone {F}unction , [online] {F}eb 2015},
	author = {{W}ikipedia},
	howpublished = {{A}valiable: http://upload.wikimedia.org/math/e/1/3/e1320f5f72b21e5766dfa7e29b536883.png},
	note = {Accessed: 14 {F}eb 2015},
	annote = {Simple graphic representing the algera representation of the pheromone fucntion required to update the pheromone matrix.}
}

@MISC{new:pheromone:image,
	title = {{A}nt {C}olony {O}ptimisation {N}ew {P}heromone {F}unction , [online] {F}eb 2015},
	author = {{W}ikipedia},
	howpublished = {{A}valiable: http://upload.wikimedia.org/math/6/d/b/6db065218c956a4a7af6da99aaeca5d1.png},
	note = {Accessed: 14 {F}eb 2015},
	annote = {Simple graphic representing the algera representation of the pheromone fucntion required to update the pheromone matrix.}
}

@MISC{probfunc:image,
	title = {{A}nt {C}olony {O}ptimisation {N}ew {P}robability {F}unction , [online] {F}eb 2015},
	author = {{W}ikipedia},
	howpublished = {{A}valiable: http://upload.wikimedia.org/math/6/d/b/6db065218c956a4a7af6da99aaeca5d1.png},
	note = {Accessed: 14 {F}eb 2015},
	annote = {Simple graphic representing the algera representation of the pheromone fucntion required to select the Agents next movements.}
}

@MISC{tjung:aco:blog,
	title = {{A}nt {C}olony {O}ptimization for {TSP} {P}roblems , [online] {F}eb 2015},
	author = {{T}homas {J}ungblut},
	month = {Aug},
	year = {2011},
	howpublished = {{A}valiable: http://codingwiththomas.blogspot.co.uk/2011/08/ant-colony-optimization-for-tsp.html},
	note = {Accessed: 14 {F}eb 2015},
	annote = {Simplistic explantions of each function required. Break down of equations is also included in order to make them more digestable.}
}

@MastersThesis{sjored:Thesus2012,
    author     =     {V. E. Sjoerd},
    title     =     {{"Dynamic ant colony optimization for the traveling salesman problem}},
    school     =     {Leiden University, The Netherlands},
    address     =     {Leiden Institute of Advanced Computer Science (LIACS), Leiden University, Niels Bohrweg 1, 2333 CA Leiden, The Netherlands},
    month = {Jul},
	year     =     {2012},
	note = {{pp.7 [Online]. Available: http://www.liacs.nl/assets/2012-08SjoerdvanEgmond.pdf}}
    }

